<record><leader>00000cas a22000007a 4500</leader><controlfield tag="001">13956569</controlfield><controlfield tag="008">860726d18881889nvuuu ne      0    0eng d</controlfield><datafield ind1=" " ind2=" " tag="010"><subfield code="a">sn 86076324 </subfield></datafield><datafield ind1=" " ind2=" " tag="040"><subfield code="a">NNX</subfield><subfield code="b">eng</subfield><subfield code="c">NNX</subfield><subfield code="d">OCLCQ</subfield></datafield><datafield ind1=" " ind2=" " tag="042"><subfield code="a">msc</subfield></datafield><datafield ind1="0" ind2="4" tag="245"><subfield code="a">The Nevada prohibitionist.</subfield></datafield><datafield ind1=" " ind2=" " tag="260"><subfield code="a">Genoa, Nev. :</subfield><subfield code="b">C.H. Gardner,</subfield><subfield code="c">-1889.</subfield></datafield><datafield ind1=" " ind2=" " tag="300"><subfield code="a">v.</subfield></datafield><datafield ind1="0" ind2=" " tag="362"><subfield code="a">-v. 2, no. 4 (Apr. 1, 1889).</subfield></datafield><datafield ind1="8" ind2=" " tag="521"><subfield code="a">Prohibitionist.</subfield></datafield><datafield ind1=" " ind2=" " tag="530"><subfield code="a">Microfilm available from Bay Microfilm.</subfield></datafield><datafield ind1=" " ind2=" " tag="588"><subfield code="a">Description based on: Vol. 2, no. 4 (Apr. 1, 1889).</subfield></datafield><datafield ind1=" " ind2=" " tag="752"><subfield code="a">United States</subfield><subfield code="b">Nevada</subfield><subfield code="c">Douglas</subfield><subfield code="d">Genoa.</subfield></datafield><datafield ind1="0" ind2="0" tag="780"><subfield code="t">Bugle (Genoa, Nev.)</subfield><subfield code="w">(DLC)sn 86076325</subfield></datafield></record>